@book{baloch,
author = {R. Baloch},
title = {Ethical Hacking and Penetration Testing Guide},
year = {2014},
publisher={Taylor and Francis}
}

@book{oney,
author={W. Oney},
title={Programming the Microsoft Windows Driver Model},
year={2003},
publisher = {Microsoft Press}
}

@manual{configfs,
title={placeholder},
}